<?xml version="1.0" encoding="UTF-8" ?>
<collection xmlns:xsi="http://www.w3.org/2001/XMLSchema-instance"
    xsi:schemaLocation="http://www.loc.gov/MARC21/slim
        http://www.loc.gov/standards/marcxml/schema/MARC21slim.xsd"
    xmlns="http://www.loc.gov/MARC21/slim">
<record>
  <leader>00277nam a2200541 i 4500</leader>
  <controlfield tag="001">b18271522</controlfield>
  <controlfield tag="003">LeBAU</controlfield>
  <controlfield tag="005">20140827</controlfield>
  <controlfield tag="008">140814s1949    ua            000 0 ara d</controlfield>
  <datafield tag="040" ind1=" " ind2=" ">
    <subfield code="a">LEAUB</subfield>
    <subfield code="b">ara</subfield>
    <subfield code="e">rda</subfield>
    <subfield code="c">LEAUB</subfield>
  </datafield>
  <datafield tag="082" ind1="0" ind2="4">
    <subfield code="a">028.1</subfield>
    <subfield code="2">23</subfield>
  </datafield>
  <datafield tag="100" ind1="1" ind2=" ">
    <subfield code="6">880-01</subfield>
    <subfield code="a">Kāmil, Maḥmūd,</subfield>
    <subfield code="d">1906-</subfield>
    <subfield code="e">author.</subfield>
  </datafield>
  <datafield tag="245" ind1="1" ind2="0">
    <subfield code="6">880-02</subfield>
    <subfield code="a">Qāri’ bayna ‘ashrat kutub /</subfield>
    <subfield code="c">Maḥmūd Kāmil, al-muḥāmī bi-al-naqḍ wa-al-ibrām.</subfield>
  </datafield>
  <datafield tag="264" ind1=" " ind2="1">
    <subfield code="6">880-03</subfield>
    <subfield code="a">[Miṣr] :</subfield>
    <subfield code="b">Dār al-Jāmi‘ah lil-Ṭab‘ wa-al-Nashr,</subfield>
    <subfield code="c">1949.</subfield>
  </datafield>
  <datafield tag="300" ind1=" " ind2=" ">
    <subfield code="6">880-04</subfield>
    <subfield code="a">88 pages ;</subfield>
    <subfield code="c">21 cm</subfield>
  </datafield>
  <datafield tag="336" ind1=" " ind2=" ">
    <subfield code="a">text</subfield>
    <subfield code="b">txt</subfield>
    <subfield code="2">rdacontent</subfield>
  </datafield>
  <datafield tag="337" ind1=" " ind2=" ">
    <subfield code="a">unmediated</subfield>
    <subfield code="b">n</subfield>
    <subfield code="2">rdamedia</subfield>
  </datafield>
  <datafield tag="338" ind1=" " ind2=" ">
    <subfield code="a">volume</subfield>
    <subfield code="b">nc</subfield>
    <subfield code="2">rdacarrier</subfield>
  </datafield>
  <datafield tag="500" ind1=" " ind2=" ">
    <subfield code="a">"مسألة ليبيا، Le Question de Lybie" --صفحة 26.</subfield>
  </datafield>
  <datafield tag="600" ind1="1" ind2="4">
    <subfield code="a">غولي، ألفونس.</subfield>
    <subfield code="t">الإسلام أمام العالم الحديث.</subfield>
  </datafield>
  <datafield tag="600" ind1="1" ind2="4">
    <subfield code="a">باركلي، فلورنس ل.</subfield>
    <subfield code="q">(فلورنس لويسا)،</subfield>
    <subfield code="d">1862-1921.</subfield>
    <subfield code="t">السبحة.</subfield>
  </datafield>
  <datafield tag="600" ind1="1" ind2="4">
    <subfield code="a">كيستيميكر، هنري،</subfield>
    <subfield code="e">1851-1934.</subfield>
    <subfield code="t">ليلة في الجبهة.</subfield>
  </datafield>
  <datafield tag="600" ind1="1" ind2="4">
    <subfield code="a">كامبل، ألكساندر.</subfield>
    <subfield code="t">هذه إمبراطوريتكم.</subfield>
  </datafield>
  <datafield tag="600" ind1="1" ind2="4">
    <subfield code="a">دوناي، موريس،</subfield>
    <subfield code="d">1859-1945.</subfield>
    <subfield code="t">الميزان.</subfield>
  </datafield>
  <datafield tag="600" ind1="1" ind2="4">
    <subfield code="a">جنتر، جون،</subfield>
    <subfield code="d">1901-1970.</subfield>
    <subfield code="t">في داخل الولايات المتحدة الأمريكية.</subfield>
  </datafield>
  <datafield tag="600" ind1="1" ind2="4">
    <subfield code="a">لو بارجي، م.</subfield>
    <subfield code="t">راقصة ماتت.</subfield>
  </datafield>
  <datafield tag="600" ind1="1" ind2="4">
    <subfield code="a">كول، ج. د. هـ.</subfield>
    <subfield code="q">(جورج دوغلاس هوارد،)</subfield>
    <subfield code="d">1889-1959.</subfield>
    <subfield code="t">عالم ما بعد الحرب.</subfield>
  </datafield>
  <datafield tag="600" ind1="1" ind2="4">
    <subfield code="a">ميريه، شارل.</subfield>
    <subfield code="t">الرجل المتجرد.</subfield>
  </datafield>
  <datafield tag="600" ind1="1" ind2="0">
    <subfield code="a">Gouilly, Alphonse.</subfield>
    <subfield code="t">L'Islam devant le monde moderne</subfield>
  </datafield>
  <datafield tag="600" ind1="1" ind2="0">
    <subfield code="a">Barclay, Florence L.</subfield>
    <subfield code="q">(Florence Louisa),</subfield>
    <subfield code="d">1862-1921.</subfield>
    <subfield code="t">The Rosary.</subfield>
  </datafield>
  <datafield tag="600" ind1="1" ind2="0">
    <subfield code="a">Kistemaeckers, Henry,</subfield>
    <subfield code="d">1851-1934.</subfield>
    <subfield code="t">Un soir au front.</subfield>
  </datafield>
  <datafield tag="600" ind1="1" ind2="0">
    <subfield code="a">Campbell, Alexander,</subfield>
    <subfield code="d">1912-1977.</subfield>
    <subfield code="t">It's your empire.</subfield>
  </datafield>
  <datafield tag="600" ind1="1" ind2="0">
    <subfield code="a">Donnay, Maurice,</subfield>
    <subfield code="d">1859-1945.</subfield>
    <subfield code="t">La Bascule.</subfield>
  </datafield>
  <datafield tag="600" ind1="1" ind2="0">
    <subfield code="a">Gunther, John,</subfield>
    <subfield code="d">1901-1970.</subfield>
    <subfield code="t">Inside U. S. A.</subfield>
  </datafield>
  <datafield tag="600" ind1="1" ind2="0">
    <subfield code="a">Le Bargy, M.</subfield>
    <subfield code="t">Une danseuse est morte.</subfield>
  </datafield>
  <datafield tag="600" ind1="1" ind2="0">
    <subfield code="a">Cole, G.D.H</subfield>
    <subfield code="q">(George Douglas Howard),</subfield>
    <subfield code="d">1889-1959.</subfield>
    <subfield code="t">The intelligent man's guide to the post-war world</subfield>
    <subfield code="x">Criticism and interpretation.</subfield>
  </datafield>
  <datafield tag="600" ind1="1" ind2="0">
    <subfield code="a">Méré, Charles.</subfield>
    <subfield code="t">L'homme nu.</subfield>
  </datafield>
  <datafield tag="650" ind1=" " ind2="4">
    <subfield code="a">الكتب</subfield>
    <subfield code="x">مراجعات.</subfield>
  </datafield>
  <datafield tag="650" ind1=" " ind2="0">
    <subfield code="a">Books</subfield>
    <subfield code="v">Reviews.</subfield>
  </datafield>
  <datafield tag="852" ind1=" " ind2=" ">
    <subfield code="a">Jafet Library</subfield>
    <subfield code="e">American University of Beirut, Bliss Street, Beirut, Lebanon.</subfield>
  </datafield>
  <datafield tag="880" ind1="1" ind2=" ">
    <subfield code="6">100-01/(3/r</subfield>
    <subfield code="a">كامل، محمود،</subfield>
    <subfield code="d">1906-</subfield>
    <subfield code="e">مؤلف. </subfield>
    <subfield code="4">aut.</subfield>
  </datafield>
  <datafield tag="880" ind1="1" ind2="0">
    <subfield code="6">245-02/(3/r</subfield>
    <subfield code="a">قارئ بين عشرة كتب /</subfield>
    <subfield code="c">محمود كامل، المحامي بالنقض والإبرام.</subfield>
  </datafield>
  <datafield tag="880" ind1=" " ind2="1">
    <subfield code="6">264-03/(3/r</subfield>
    <subfield code="a">[مصر] :</subfield>
    <subfield code="b">دار الجامعة للطبع والنشر،</subfield>
    <subfield code="c">1949.</subfield>
  </datafield>
  <datafield tag="880" ind1=" " ind2=" ">
    <subfield code="6">300-04/(3/r</subfield>
    <subfield code="a">88 صفحة ؛</subfield>
    <subfield code="c">21 سم</subfield>
  </datafield>
  <datafield tag="907" ind1=" " ind2=" ">
    <subfield code="a">.b18271522</subfield>
    <subfield code="b">16-02-02</subfield>
    <subfield code="c">14-08-14</subfield>
  </datafield>
  <datafield tag="907" ind1=" " ind2=" ">
    <subfield code="a">b18271522</subfield>
  </datafield>
  <datafield tag="945" ind1=" " ind2=" ">
    <subfield code="f">J</subfield>
    <subfield code="a">028.1:K153qA</subfield>
    <subfield code="g">1</subfield>
    <subfield code="i">00507869</subfield>
    <subfield code="j">.i19797679</subfield>
    <subfield code="l">u0503</subfield>
  </datafield>
  <datafield tag="998" ind1=" " ind2=" ">
    <subfield code="a">u05</subfield>
    <subfield code="b">14-08-15</subfield>
    <subfield code="c">m</subfield>
    <subfield code="d">a</subfield>
    <subfield code="e">-</subfield>
    <subfield code="f">ara</subfield>
    <subfield code="g">ua </subfield>
    <subfield code="h">0</subfield>
    <subfield code="i">0</subfield>
  </datafield>
</record>
</collection>
